<record><leader>00000cas a22000007a 4500</leader><controlfield tag="001">11249097</controlfield><controlfield tag="008">841010d18851922nyuwr ne      0    0eng d</controlfield><datafield ind1=" " ind2=" " tag="010"><subfield code="a">sn 84031826 </subfield></datafield><datafield ind1=" " ind2=" " tag="040"><subfield code="a">NYG</subfield><subfield code="b">eng</subfield><subfield code="c">NYG</subfield><subfield code="d">NPX</subfield><subfield code="d">NYS</subfield><subfield code="d">OCLCQ</subfield><subfield code="d">OCLCF</subfield><subfield code="d">OCLCO</subfield></datafield><datafield ind1=" " ind2=" " tag="042"><subfield code="a">msc</subfield></datafield><datafield ind1=" " ind2=" " tag="043"><subfield code="a">n-us-ny</subfield></datafield><datafield ind1="0" ind2="0" tag="245"><subfield code="a">Herkimer citizen.</subfield></datafield><datafield ind1=" " ind2=" " tag="260"><subfield code="a">Herkimer, N.Y. :</subfield><subfield code="b">Citizen Pub. Co.,</subfield><subfield code="c">1885-</subfield></datafield><datafield ind1=" " ind2=" " tag="300"><subfield code="a">v. :</subfield><subfield code="b">ill. ;</subfield><subfield code="c">54 cm.</subfield></datafield><datafield ind1=" " ind2=" " tag="310"><subfield code="a">Weekly</subfield></datafield><datafield ind1="0" ind2=" " tag="362"><subfield code="a">Vol. 2, no. 4 (Oct. 20, 1885)- = Whole no. 56-</subfield></datafield><datafield ind1="1" ind2=" " tag="362"><subfield code="a">Ceased in 1922.</subfield></datafield><datafield ind1=" " ind2=" " tag="500"><subfield code="a">Published by: Weaver &amp; Munger, 1885- ; Citizen Pub. Co., &lt;1896&gt;-1922.</subfield></datafield><datafield ind1=" " ind2=" " tag="500"><subfield code="a">Published from the same office: Ilion citizen (Ilion, N.Y. : 1885), and: Frankfort citizen.</subfield></datafield><datafield ind1=" " ind2=" " tag="500"><subfield code="a">"Republican."</subfield></datafield><datafield ind1=" " ind2=" " tag="515"><subfield code="a">Issue for Apr. 18, 1922 also called vol. 36, no. 16.</subfield></datafield><datafield ind1=" " ind2=" " tag="588"><subfield code="a">Latest issue consulted: Vol. 62, no. 17 (Apr. 25, 1922).</subfield></datafield><datafield ind1=" " ind2="0" tag="651"><subfield code="a">Herkimer (N.Y.)</subfield><subfield code="v">Newspapers.</subfield></datafield><datafield ind1=" " ind2="0" tag="651"><subfield code="a">Herkimer County (N.Y.)</subfield><subfield code="v">Newspapers.</subfield></datafield><datafield ind1=" " ind2="7" tag="655"><subfield code="a">Newspapers.</subfield><subfield code="2">fast</subfield><subfield code="0">(OCoLC)fst01423814</subfield></datafield><datafield ind1=" " ind2="7" tag="651"><subfield code="a">New York (State)</subfield><subfield code="z">Herkimer.</subfield><subfield code="2">fast</subfield><subfield code="0">(OCoLC)fst01213041</subfield></datafield><datafield ind1=" " ind2="7" tag="651"><subfield code="a">New York (State)</subfield><subfield code="z">Herkimer County.</subfield><subfield code="2">fast</subfield><subfield code="0">(OCoLC)fst01223285</subfield></datafield><datafield ind1=" " ind2=" " tag="752"><subfield code="a">United States</subfield><subfield code="b">New York</subfield><subfield code="c">Herkimer</subfield><subfield code="d">Herkimer.</subfield></datafield><datafield ind1="0" ind2="0" tag="780"><subfield code="t">Citizen (Herkimer, N.Y.)</subfield><subfield code="w">(DLC)sn 92061535</subfield><subfield code="w">(OCoLC)25669231</subfield></datafield><datafield ind1="0" ind2="0" tag="785"><subfield code="t">Herkimer County citizen (Herkimer, N.Y.)</subfield><subfield code="w">(DLC)sn 92061536</subfield><subfield code="w">(OCoLC)25669581</subfield></datafield></record>